<record><leader>00000cas a22000007a 4500</leader><controlfield tag="001">12102169</controlfield><controlfield tag="008">850531d19111920mtuwr ne      0    0eng d</controlfield><datafield ind1=" " ind2=" " tag="010"><subfield code="a">sn 85053135 </subfield></datafield><datafield ind1=" " ind2=" " tag="040"><subfield code="a">MTL</subfield><subfield code="b">eng</subfield><subfield code="c">MTL</subfield><subfield code="d">OCLCQ</subfield></datafield><datafield ind1=" " ind2=" " tag="042"><subfield code="a">msc</subfield></datafield><datafield ind1="0" ind2="0" tag="245"><subfield code="a">Geyser Judith Basin times.</subfield></datafield><datafield ind1="3" ind2="0" tag="246"><subfield code="a">Geyser times</subfield></datafield><datafield ind1=" " ind2=" " tag="260"><subfield code="a">Geyser, Mont. :</subfield><subfield code="b">M.E. Parrish</subfield></datafield><datafield ind1=" " ind2=" " tag="300"><subfield code="a">v. :</subfield><subfield code="b">ill. ;</subfield><subfield code="c">56 cm.</subfield></datafield><datafield ind1=" " ind2=" " tag="310"><subfield code="a">Weekly</subfield></datafield><datafield ind1="1" ind2=" " tag="362"><subfield code="a">Began with Mar. 23, 1911.</subfield><subfield code="z">Cf. Gregory, W. Amer. newspapers.</subfield></datafield><datafield ind1="1" ind2=" " tag="362"><subfield code="a">Ceased in 1920.</subfield><subfield code="z">Cf. Judith Basin County press, Dec. 2, 1920.</subfield></datafield><datafield ind1=" " ind2=" " tag="500"><subfield code="a">Commonly called: Geyser times.</subfield></datafield><datafield ind1=" " ind2=" " tag="588"><subfield code="a">Description based on: Vol. 1, no. 13 (June 15, 1911).</subfield></datafield><datafield ind1=" " ind2=" " tag="752"><subfield code="a">United States</subfield><subfield code="b">Montana</subfield><subfield code="c">Judith Basin</subfield><subfield code="d">Geyser.</subfield></datafield><datafield ind1="0" ind2="7" tag="785"><subfield code="t">Stanford world</subfield><subfield code="w">(DLC)sn 85053199</subfield></datafield><datafield ind1="0" ind2="7" tag="785"><subfield code="t">Judith Basin County press</subfield><subfield code="w">(DLC)sn 85053195</subfield></datafield><datafield ind1="1" ind2=" " tag="029"><subfield code="a">AU@</subfield><subfield code="b">000025792269</subfield></datafield></record>